% Encoding: UTF-8

Book{,
  title = {Lorum ipsum},
  publisher = {Lorum ipsum},
  year = {Lorum ipsum},
  author = {Lorum ipsum},
}

Article{,
  author = {Lorum ipsum},
  title = {Lorum ipsum},
  journal = {Lorum ipsum},
  year = {Lorum ipsum},
  volume = {Lorum ipsum},
  number = {Lorum ipsum}
}

Misc{,
  author = {Lorum ipsum},
  title = {Lorum ipsum},
  year = {Lorum ipsum},
  howpublished = "\url{}"
}

// CHAPTER 1

% 1.2.3 Entrepreneurship education

% YoungDrive

@Misc{youngdrive-web,
  author = {YoungDrive},
  title = {YoungDrive - website},
  year = {2016},
  howpublished = "\url{http://youngdrive.org/}"
}

@Book{youngdrive-manual,
  title = {YoungDrive Participant Business Booklet},
  publisher = {YoungDrive},
  year = {2016},
  author = {Lönn, J.},
}

@Book{youngdrive-masterthesis-idea,
  title = {Exjobbs-resultat: Coach-tränings-app},
  publisher = {YoungDrive},
  year = {2016},
  author = {Björling, I., and Lönn, J.},
  comment = {entrepreneurship-education konrad}
}

@Misc{youngdrive-statistics,
  author = {Lönn, J.},
  title = {YoungDrive Uganda: Statistik Youth, CBTs, Projektledare - 2015},
  year = {2015}
}

@Misc{yd-zambia-interviews,
  author = {Lönn, J.},
  title = {YoungDrive Zambia Coach Interviews},
  year = {2015}
}

@Article{ruskovaara,
  author =        {Ruskovaara, E., and Pihkala, T.},
  title =         {Entrepreneurship Education in Schools: Empirical Evidence on the Teacher's Role},
  journal =       {The Journal of Educational Research},
  year =          {2015},
  volume =        {108:3},
  pages =         {236-249},
  doi =           {10.1080/00220671.2013.878301},
}

@Misc{goodis,
  author = {Lönn, J.},
  title = {YoungDrive Zambia Coach Interviews},
  year = {2015},
  howpublished = "\url{}"
}

@Book{lostopportunity,
  title = {Lost Opportunity? Gaps in Youth Policy and Programming in Uganda},
  publisher = {ActionAid International Uganda},
  year = {2012},
  author = {{AAU, DRT, UNNGOF}}
}

@Book{unPopulation,
  title = {The State of Uganda Population Report 2012},
  publisher = {The Republic of Uganda},
  year = {2012},
  author = {Balyesiima, D. F., Mushomi, J. A., Nahalamba, S., Byakagaba, J., Magero, S. Sheila, Ariko, J. O., and Kaggwa, R.}
}

% Entrepreneurship education

@Article{dickson,
  author = {Dickson, P. H., Solomon, G. T., and Weaver, K. M.},
  title = {Entrepreneurial selection and success: Does education matter?},
  journal = {Journal on Small Business and Enterprise Development},
  year = {2008},
  volume = {15},
  number = {239-258}
}

@Article{oviawe,
  author = {Oviawe, M. J. I.},
  title = {Repositioning Nigerian youths for economic empowerment through entrepreneurship education},
  journal = {European Journal of Educational Studies},
  year = {2010},
  volume = {2},
  number = {2}
}

% s. 353-370
@Article{iakovleva,
  author = {Iakovleva, T., Kolvereid, L., and Stehphan, U.},
  title = {Entrepreneurial intentions in developing and developed countries},
  journal = {Education + Training},
  year = {2011},
  volume = {53},
  number = {5}
}

@Article{kuratko,
  author = {Kuratko, D. F.},
  title = {The emergence of entrepreneurship education: Development, trends, and challenges},
  journal = {Entrepreneurship theory and practice},
  year = {2005},
  volume = {25},
  number = {5}
}

@Article{pittaway,
  author = {Pittaway, L., and Cope, J.},
  title = {Entrepreneurship education a systematic review of the evidence},
  journal = {International Small Business Journal},
  year = {2007},
  volume = {25},
  number = {5}
}

@Article{bae,
  author = {Bae, T. J., Quian, S., Miao, C., and Fiet, J. O.},
  title = {The relationship between entrepreneurship education and entrepreneurial intentions: A meta-analytical review},
  journal = {Entrepreneurship Theory and Practice},
  year = {2014},
  volume = {38},
  number = {2}
}

% 1.2.4 Digital Learning

@Book{gates,
  title =         {Digital Games, Design and Learning: A Systematic Review and Meta-Analysis (Executive Summary)},
  publisher =     {SRI International},
  year =          {2014},
  author =        {Clark, D., Tanner-Smith, E., and Killingsworth, S.},
}

@Book{luckin,
  title = {Decoding Learning: The Proof, Promise and Potential of Digital Education},
  publisher = {Nesta Operating Company},
  year = {2012},
  author = {Luckin, R., Bligh, B., Manches, A., Ainsworth, S., Crook, C., and Noss, R.},
}

@software{ischool,
  author = {iSchool},
  title = {iSchool Zambia},
  year = {2014},
  howpublished = "\url{http://ischool.zm/}"
}

@software{d3,
  author = {Bostock, M., Heer, J., Ogievetsky, V.},
  title = {D3.js - Data-Driven Documents},
  year = {2014},
  howpublished = "\url{http://ischool.zm/}"
}

@software{voto-mobile,
  author = {VOTO Mobile},
  title = {VOTO Mobile},
  year = {2012},
  howpublished = "\url{https://www.votomobile.org/}"
}

@software{cordova,
  author = {Apache},
  title = {Apache Cordova},
  year = {2011},
  howpublished = "\url{https://cordova.apache.org/}"
}

@software{heroku,
  author = {Salesforce},
  title = {Heroku},
  year = {2007},
  howpublished = "\url{https://www.heroku.com/}"
}

@software{github,
  author = {GitHub, Inc.},
  title = {GitHub},
  year = {2008},
  howpublished = "\url{https://github.com/}"
}

% 1.2.6 Related work

@Article{nicol,
  author = {Nicol, D.},
  title = {E-assessment by design: using multiple-choice tests to good effect},
  journal = {Journal of Further and Higher Education},
  year = {2007},
  volume = {31},
  number = {1}
}

@Article{yengin,
  author = {Yengin, I., Ince, I. F., Karahoca, A., Karahoca, D., and Uzanboylu, H.},
  title = {The use of deliberates practices on a mobile learning environment},
  number = {241-249},
  journal = {1},
  comment = {2nd World Conference on Innovation and Computer Sciences 2012},
  journal = {AWERProcedia Information Technology and Computer Science},
  year = {2012},
}

@Article{de-marcos,
  author = {de-Marcos, L., Hilera, J. R., Burchino, R., Jiménez, L., Martínez, J. J., Gutiérrez, J. A., Gutiérrez, J. M., and Otón, S.},
  title = {An experiment for improving students performance in secondary and tertiary education by means of m-learning auto-assessment},
  journal = {Computers and Education: An International Journal},
  year = {2010},
  volume = {55},
  number = {1069-1079}
}

@Book{godwin-jones,
  title = {Emerging technologies: Mobile apps for language learning},
  publisher = {Language Learning and Technology, 15(2), 2-11},
  year = {2011},
  author = {Godwin-Jones, R.},
}

@Book{page,
  title = {Use of Mobile Device Apps in Product Design},
  publisher = {International Journal of Green Computing (IJGC), 4(1), 18-34},
  year = {2013},
  author = {Page, T.},
}

// CHAPTER 2

% 2.1.1. Design for learning

@Article{krathwohl,
  author =        {Krathwohl, D. R.},
  title =         {A Revision of Bloom’s Taxonomy: An Overview},
  journal =       {Theory Into Practice},
  year =          {2002},
  volume =        {41},
  number =        {4},
}

@Misc{dweck,
  author = {Dweck, C.},
  title = {The Power of Believing that you can Improve},
  year = {2014},
  howpublished = "\url{https://www.ted.com/talks/carol_dweck_the_power_of_believing_that_you_can_improve?language=en}"
}

% Bachelor's Thesis!
@MastersThesis{bruhlmann,
  author     =     {Brühlmann, F.},
  title     =     {Gamification From the Perspective of Self-Determination Theory and Flow},
  school     =     {University of Basel},
  address     =     {Switzerland},
  year     =     {2013},
}

@Book{dirksen,
  title = {Design for How People Learn},
  publisher = {New Riders},
  year = {2012},
  author = {Dirksen, J.},
}

@Article{cheong,
  author = {Cheong, C., Bruno, V., and Cheong, F.},
  title = {Designing a Mobile-app-based Collaborative Learning System},
  journal = {Journal of Information Technology Education: Innovations in Practice},
  year = {2012},
  volume = {11},
}

@Article{stefano,
  author = {Stefano, G. D., Gino, F., Pisano, G. P., and Staats, B. R.},
  title = {Learning by Thinking: Overcoming the Bias for Action Through Reflection},
  journal = {Harvard Business School Technology and Operations Management Unit Research Paper Series},
  year = {2015},
  volume = {14},
  number = {093}
}

@Misc{heer,
  author = {Heer, R.},
  title = {A Model of Learning Objectives},
  year = {2012},
  comment = {Iowa State University: Center for Excellence in Learning and Teaching},
  howpublished = "\url{http://www.celt.iastate.edu/wp-content/uploads/2015/09/RevisedBloomsHandout-1.pdf}"
}

@Misc{bjork,
  title =         {Applying Cognitive Psychology to Enhance Educational Practice},
  comment =     {UCLA Bjork Learning and Forgetting Lab},
  year =          {2016},
  author =        {Bjork, R.},
  howpublished = "\url{http://bjorklab.psych.ucla.edu/research.html}",
}

@Article{sitzmann,
  author = {Sitzmann, T., Bell, B. S., Kraiger, K., and Kanar, A. M.},
  title = {A Multilevel Analysis of the Effect of Prompting
Self-Regulation in Technology-Delivered
Instruction},
  journal = {CAHRS Working Paper Series},
  year = {2008},
  volume = {8}
}
%http://digitalcommons.ilr.cornell.edu/cgi/viewcontent.cgi?article=1492&context=cahrswp

% 2.1.2. Design for motivation

@Book{sierra,
  title =         {Badass: Making Users Awesome},
  publisher =     {O'Reilly Media},
  year =          {2015},
  author =        {Sierra, K.},
  isbn =          {9781491919071},
}

@Book{sweller,
  title =         {Cognitive Load Theory},
  publisher =     {Springer-Verlag New York},
  year =          {2011},
  author =        {Sweller, J., Ayres, P., and Kalyuga, S.},
  isbn = {9781441981264}
}

@Book{koballa,
  title = {Attitudinal and motivational constructs in science learning},
  publisher = {Focal Press},
  year = {2007},
  author = {Koballa, T. R., and Glynn, S. M.},
}

@Book{abell,
  title = {Handbook of Research on Science Education},
  publisher = {Psychology Press},
  year = {2007},
  author = {S. K. Abell, and N. G. Lederman},
}

@Article{fulmer,
  author = {Fulmer, S. M., and Frijters, J. C.},
  title = {A review of self-report and alternative approaches in the measurement of student motivation},
  journal = {Educational Psychology Review},
  year = {2009},
  volume = {21},
  number = {219-246}
}

@Book{deci,
  title = {Intrinsic motivation and selfdetermination in human behavior},
  publisher = {Plenum},
  year = {1985},
  author = {Deci, E. L., and Ryan, R. M.},
}

@Article{ryan,
  author = {Deci, E. L., and Ryan, R. M.},
  title = {Intrinsic and extrinsic motivations: Classical definitions and new directions},
  journal = {Contemporary Educational Psychology},
  year = {2000},
  volume = {25},
  number = {54-67}
}

@Article{elliot,
  title = {Approach and avoidance motivation},
  year = {2001},
  author = {Elliot, A. J., and Covington, M. V.},
  volume = {13},
  number = {2},
  journal = {Educational Psychology Review}
}

@Article{eccles,
  author = {Eccles, J. S., and Wigfield, A.},
  title = {Motivational beliefs, values, and goals},
  journal = {Annual Review of Psychology},
  year = {2002},
  volume = {53},
  number = {109-132}
}

@Article{wigfield,
  author = {Wigfield, A., and Eccles, J. S.},
  title = {Expectancy-value theory of achievement motivation},
  journal = {Contemporary Educational Psychology},
  year = {2000},
  volume = {25},
  number = {1}
}

@Misc{brinkerhoff,
  author =        {Brinkerhoff, R. O.},
  title =         {Making L\&D Matter},
  comment =  {Learning Technologies},
  year =          {2013},
  howpublished = "\url{https://www.youtube.com/watch?v=__wUZzJV8lM}",
}

@Book{pink,
  title =         {Drive: The Surprising Truth about what Motivates Us},
  publisher =     {Canongate},
  year =          {2011},
  author =        {Pink, D.H.},
  isbn =          {9781847677693},
  lccn =          {2009040651},
}

% 2.1.3 Design process

@Book{lowgren,
  title =         {Thoughtful Interaction Design: A Design Perspective on Information Technology},
  publisher =     {The MIT Press},
  year =          {2007},
  author =        {Löwgren, J., and Stolterman, E.},
  keywords =      {rank5}
}

% 2.1.4 Service Design

@Misc{nissar,
  author = {Nissar, S.},
  title = {Social Innovation and Entrepreneurship in Uganda. Why mobile services are growing fast in the area.},
  year = {2016},
  comment = {Expedition Mondial},
  howpublished = "\url{http://bit.ly/medium-article-expedition-mondial}",
}

@Misc{expedition-mondial,
  author = {Widmark, E., and Nissar, S.},
  title = {Service Design - en crash course},
  year = {2016},
  howpublished = {Expedition Mondial}
}

@Book{stickdorn,
  title =         {This is Service Design Thinking: Basics, Tools, Cases},
  publisher =     {Consortium Book Sales and Dist},
  year =          {2010},
  author =        {Stickdorn, M., and Schneider, J.},
  isbn =          {9789063692568},
}

@Book{kniberg,
  title = {Scrum and XP from the Trenches - 2nd Edition},
  publisher = {InfoHQ},
  year = {2005},
  author = {Kniberg, H.},
}

@Misc{agile-manifesto,
  author = {Agile Alliance},
  title = {The agile manifesto},
  year = {2001},
  howpublished = "\url{http://www.agilemanifesto.org/}"
}

% 2.1.6

@Misc{timo-ropinski-liu,
  author = {Ropinski, T.},
  title = {TNM067 - Scientific Visualization: Chapter 1: Basics},
  year = {2014},
  howpublied = {PowerPoint from Scientific Visualization Group, Linköping University}
}

@Misc{une-terre,
  author = {Lopez, H.},
  title = {Parallel coordinates: Read out patterns},
  year = {2016},
  howpublished = "\url{http://une-terre.blogspot.se/2012/09/parallel-coordinates-read-out-patterns.html}"
}

% 2.6.4

% (last updated October 29, 2015) %https://chrome.google.com/webstore/detail/magic-json/cajifcebjiflndefndbnoeenjpiiiagm?hl=en
@Misc{agaze,
  author = {Agaze Dev Team},
  title = {Magic Json},
  year = {2016},
  howpublished = "\url{https://chrome.google.com/webstore/detail/magic-json/cajifcebjiflndefndbnoeenjpiiiagm?hl=en}"
}

@software{parcoords,
  author = {Chang, K.},
  title = {Parallel Coordinates toolkit : Parcoords.js},
  version = {0.1},
  year = {2012},
  howpublished = "\url{https://syntagmatic.github.io/parallel-coordinates/}"
}

% 2.4.4

@Book{general-entrepreneurship-quiz,
  title = {Entrepreneurial Attitudes and Knowledge of Black Youth},
  publisher = {Kauffman Center for Entrepreneurial Leadership},
  year = {1998},
  author = {Walstad, W. B., and Kourilsky, M. L.},
}

% 2.3

% pages 1-27
@Article{mitchel,
  author = {Mitchell, R. K., Busenitz, L. W., Bird, B., Marie Gaglio, C., McMullen, J. S., Morse, E. A., and Smith, J. B.},
  title = {The central question in entrepreneurial cognition research},
  journal = {Entrepreneurship Theory and Practice},
  year = {2007},
  volume = {31},
  number = {1}
}

% 2.5 Application development

@software{ionic,
  author = {Drifty Co.},
  title = {Ionic Framework},
  year = {2016},
  howpublished = "\url{http://ionicframework.com/}"
}

@software{meteor,
  author = {Meteor Development Group Inc.},
  title = {Meteor},
  year = {2016},
  howpublished = "\url{https://www.meteor.com/}"
}

@software{react,
  author = {Facebook, Instagram},
  title = {React},
  year = {2016},
  howpublished = "\url{https://facebook.github.io/react/}"
}

@software{ledgerlink,
  author = {Grameen Foundation},
  title = {Ledger Link},
  year = {2014},
  howpublished = "\url{http://awards.ixda.org/entry/2014/ledger-link/}"
}

% 3 Results

@software{duolingo,
  author = {Duolingo},
  title = {Duolingo},
  year = {2016},
  howpublished = "\url{https://play.google.com/store/apps/details?id=com.duolingo&hl=en}"
}

@software{quizoid,
  author = {Habanero Quiz Apps},
  title = {Quizoid},
  year = {2016},
  howpublished = "\url{https://play.google.com/store/apps/details?id=de.habanero.quizoid&hl=en}"
}

% 6 Future work
@software{memorize,
  author = {Muth, C.},
  title = {Memorize},
  year = {2016},
  howpublished = "\url{http://memorize.com/}"
}
